
@article{btagOptimisation,
author = {{ATLAS Collaboration}},
title = "Optimisation of the {ATLAS} \btag performance for the 2016 {LHC} {R}un",
journal = {ATL-PHYS-PUB-2016-012},
year = {2016},
url = {https://cds.cern.ch/record/2160731},
}

@article{bTagPerformance,
	title          = "{Performance of $b$-Jet Identification in the ATLAS
	Experiment}",
	collaboration  = "ATLAS",
	journal        = "JINST",
	volume         = "11",
	year           = "2016",
	number         = "04",
	pages          = "P04008",
	doi            = "10.1088/1748-0221/11/04/P04008",
	eprint         = "1512.01094",
	archivePrefix  = "arXiv",
	primaryClass   = "hep-ex",
	reportNumber   = "CERN-PH-EP-2015-216",
	SLACcitation   = "%%CITATION = ARXIV:1512.01094;%%"
}

@techreport{bTagExpPerf,
	title         = "{Expected performance of the ATLAS $b$-tagging algorithms
	in Run-2}",
	institution   = "CERN",
	address       = "Geneva",
	number        = "ATL-PHYS-PUB-2015-022",
	month         = "Jul",
	year          = "2015",
	reportNumber  = "ATL-PHYS-PUB-2015-022",
	url           = "https://cds.cern.ch/record/2037697",
}

@article{trig2015,
	author         = "Aaboud, Morad and others",
	title          = "{Performance of the ATLAS Trigger System in 2015}",
	collaboration  = "ATLAS",
	journal        = "Eur. Phys. J.",
	volume         = "C77",
	year           = "2017",
	number         = "5",
	pages          = "317",
	doi            = "10.1140/epjc/s10052-017-4852-3",
	eprint         = "1611.09661",
	archivePrefix  = "arXiv",
	primaryClass   = "hep-ex",
	reportNumber   = "CERN-EP-2016-241",
	SLACcitation   = "%%CITATION = ARXIV:1611.09661;%%"
}

@article{VBF2004,
	author         = "Asai, S. and others",
	title          = "{Prospects for the search for a standard model Higgs
	boson in ATLAS using vector boson fusion}",
	journal        = "Eur. Phys. J.",
	volume         = "C32S2",
	year           = "2004",
	pages          = "19-54",
	doi            = "10.1140/epjcd/s2003-01-010-8",
	eprint         = "hep-ph/0402254",
	archivePrefix  = "arXiv",
	primaryClass   = "hep-ph",
	SLACcitation   = "%%CITATION = HEP-PH/0402254;%%"
}

@article{LHCHiggsCS,
	author         = "Dittmaier, S. and others",
	title          = "{Handbook of LHC Higgs Cross Sections: 1. Inclusive
	Observables}",
	collaboration  = "LHC Higgs Cross Section Working Group",
	doi            = "10.5170/CERN-2011-002",
	year           = "2011",
	eprint         = "1101.0593",
	archivePrefix  = "arXiv",
	primaryClass   = "hep-ph",
	reportNumber   = "CERN-2011-002",
	SLACcitation   = "%%CITATION = ARXIV:1101.0593;%%"
}

@article{LHCHiggsXS2013,
	author         = "Andersen, J R and others",
	editor         = "Heinemeyer, S and Mariotti, C and Passarino, G and
	Tanaka, R",
	title          = "{Handbook of LHC Higgs Cross Sections: 3. Higgs
	Properties}",
	collaboration  = "LHC Higgs Cross Section Working Group",
	doi            = "10.5170/CERN-2013-004",
	year           = "2013",
	eprint         = "1307.1347",
	archivePrefix  = "arXiv",
	primaryClass   = "hep-ph",
	reportNumber   = "CERN-2013-004, FERMILAB-CONF-13-667-T",
	SLACcitation   = "%%CITATION = ARXIV:1307.1347;%%"
}

@article{VBFHbb8tev,
	author         = "Aaboud, Morad and others",
	title          = "{Search for the Standard Model Higgs boson produced by
	vector-boson fusion and decaying to bottom quarks in $
	\sqrt{s}=8 $ TeV pp collisions with the ATLAS detector}",
	collaboration  = "ATLAS",
	journal        = "JHEP",
	volume         = "11",
	year           = "2016",
	pages          = "112",
	doi            = "10.1007/JHEP11(2016)112",
	eprint         = "1606.02181",
	archivePrefix  = "arXiv",
	primaryClass   = "hep-ex",
	reportNumber   = "CERN-EP-2016-076",
	SLACcitation   = "%%CITATION = ARXIV:1606.02181;%%"
}

@article{pdg,
	author         = "Patrignani, C. and others",
	title          = "{Review of Particle Physics}",
	collaboration  = "Particle Data Group",
	journal        = "Chin. Phys.",
	volume         = "C40",
	year           = "2016",
	number         = "10",
	pages          = "100001",
	doi            = "10.1088/1674-1137/40/10/100001",
	SLACcitation   = "%%CITATION = CHPHD,C40,100001;%%"
}


